@article{KorsgaardFUL,
    author =       "Christine Korsgaard",
    title =        "{Kant's Formula of Universal Law}",
    journal =      "Pacific Philosophical Quarterly",
    volume =       "66",
    pages =        "24-47",
    year =         "1985"
}

@article{BP,
  author    = {Christoph Benzm{\"{u}}ller and
               Ali Farjami and
               Xavier Parent},
  title     = {Faithful Semantical Embedding of a Dyadic Deontic Logic in {HOL}},
  journal   = {CoRR},
  volume    = {abs/1802.08454},
  year      = {2018},
  url       = {http://arxiv.org/abs/1802.08454},
  archivePrefix = {arXiv},
  eprint    = {1802.08454},
  timestamp = {Mon, 13 Aug 2018 16:48:45 +0200},
  biburl    = {https://dblp.org/rec/journals/corr/abs-1802-08454.bib},
  bibsource = {dblp computer science bibliography, https://dblp.org}
}

@article{CJDDL,
  title={Completeness and decidability results for a logic of contrary-to-duty conditionals},
  author={J. Carmo and A. Jones},
  journal={J. Log. Comput.},
  year={2013},
  volume={23},
  pages={585-626}
}

@article{kitcher,
  title={Kant's Argument for the Categorical Imperative.},
  author={Patricia Kitcher},
  journal={Nous},
  year={2004},
  volume={38}
}

@article{kroy,
author = {Moshe Kroy},
doi = {doi:10.1515/kant.1976.67.1-4.192},
url = {https://doi.org/10.1515/kant.1976.67.1-4.192},
title = {A Partial Formalization of Kantâ€™s Categorical Imperative. An Application of Deontic Logic to Classical Moral Philosophy},
journal = {Kant-Studien},
number = {1-4},
volume = {67},
year = {1976},
pages = {192--209}
}

 @book{groundwork,
      title     = "Groundwork of the Metaphysics of Morals",
      author    = "Kant, Immanuel",
      year      = 1785,
      publisher = "Cambridge University Press",
      address   = "Cambridge"
    }