@article{KorsgaardFUL,
    author =       "Christine Korsgaard",
    title =        "{Kant's Formula of Universal Law}",
    journal =      "Pacific Philosophical Quarterly",
    volume =       "66",
    pages =        "24-47",
    year =         "1985"
}

@incollection{BFP,
  Keywords =	 {own, Higher Order Logic, Deontic Logic, Automated
                  Reasoning, Universal Reasoning},
  Author =	 {Benzm{\"u}ller, Christoph and Farjami, Ali and
                  Parent, Xavier},		  
  editor = 	 {Matthias Armgardt and Nordtveit Kvernenes, Hans Christian and Shahid Rahman},
  booktitle = 	 {New Developments in Legal Reasoning and Logic:
From Ancient Law to Modern Legal Systems},
  series =       {Logic, Argumentation \& Reasoning},
  title = 	 {Dyadic Deontic Logic in HOL: Faithful Embedding and Meta-Theoretical Experiments},
  volume =        {23},
  publisher = 	 {Springer Nature Switzerland AG},
  year = 	 2021,
  doi =          {10.1007/978-3-030-70084-3},
  Addendum =	 {Preprint \url{https://doi.org/10.13140/RG.2.2.35175.88487}},
  isbn = {978-3-030-70083-6},
  issn = {2214-9120},
  }

@article{CJDDL,
  title={Completeness and Decidability Results For a Logic of Contrary-to-Duty Conditionals},
  author={J. Carmo and A. Jones},
  journal={Journal of Logical Computation},
  year={2013},
  volume={23},
  pages={585-626}
}

@article{kitcher,
  title={Kant's Argument for the Categorical Imperative.},
  author={Patricia Kitcher},
  journal={Nous},
  year={2004},
  volume={38}
}

@article{vanfraassen,
	doi = {10.2307/2026388},
	pages = {235--256},
	author = {Bas C. Van Fraassen},
	title = {Belief and the Will},
	journal = {Journal of Philosophy},
	volume = {81},
	year = {1984},
	publisher = {Journal of Philosophy Inc},
	number = {5}
}

@book{koons, place={Cambridge}, series={Cambridge Studies in Probability, Induction and Decision Theory}, 
title={Paradoxes of Belief and Strategic Rationality}, DOI={10.1017/CBO9780511625381}, 
publisher={Cambridge University Press}, author={Koons, Robert C.}, year={1992}, 
collection={Cambridge Studies in Probability, Induction and Decision Theory}}

@article{vickers,
author = {Vickers, John},
year = {2000},
month = {08},
pages = {155-174},
title = {I Believe It, but Soon I'll Not Believe It Any More: Scepticism, Empiricism, and Reflection},
volume = {124},
journal = {Synthese},
doi = {10.1023/A:1005213608394}
}


@article{kroy,
author = {Moshe Kroy},
doi = {doi:10.1515/kant.1976.67.1-4.192},
url = {https://doi.org/10.1515/kant.1976.67.1-4.192},
title = {A Partial Formalization of Kant’s Categorical Imperative. An Application of Deontic Logic to Classical Moral Philosophy},
journal = {Kant-Studien},
number = {1-4},
volume = {67},
year = {1976},
pages = {192--209}
}

 @book{groundwork,
      title     = "Groundwork of the Metaphysics of Morals",
      author    = "Kant, Immanuel",
      year      = 1785,
      publisher = "Cambridge University Press",
      address   = "Cambridge"
    }             

@ARTICLE{powers,
  author={T. M. {Powers}},
  journal={IEEE Intelligent Systems}, 
  title={Prospects for a Kantian Machine}, 
  year={2006},
  volume={21},
  number={4},
  pages={46-51},
  doi={10.1109/MIS.2006.77}}

@inbook{nitpick, place={Berlin, Heidelberg}, 
title={Nitpick: A Counterexample Generator for Higher-Order Logic Based on a Relational Model Finder}, 
volume={6172}, ISBN={9783642140518}, 
url={\url{http://link.springer.com/10.1007/978-3-642-14052-5_11}}, 
DOI={\url{10.1007/978-3-642-14052-5_11}}, booktitle={Interactive Theorem Proving}, 
publisher={Springer Berlin Heidelberg}, 
author={Blanchette, Jasmin Christian and Nipkow, Tobias}, 
year={2010}, pages={131–146} }

@book{hintikka,
author = {Jaakko Hintikka},
title = {Knowledge and Belief},
publisher = {Cornell University Press},
year={1962}
}

@article{mesurvey,
   title={Implementations in Machine Ethics},
   volume={53},
   ISSN={1557-7341},
   url={http://dx.doi.org/10.1145/3419633},
   DOI={10.1145/3419633},
   number={6},
   journal={ACM Computing Surveys},
   publisher={Association for Computing Machinery (ACM)},
   author={Tolmeijer, Suzanne and Kneer, Markus and Sarasua, Cristina and Christen, Markus and Bernstein, Abraham},
   year={2021},
   month={Feb},
   pages={1–38}
}

@article{BL,
  author    = {Martin Mose Bentzen and
               Felix Lindner},
  title     = {A Formalization of Kant's Second Formulation of the Categorical Imperative},
  journal   = {CoRR},
  volume    = {abs/1801.03160},
  year      = {2018},
  url       = {http://arxiv.org/abs/1801.03160},
  archivePrefix = {arXiv},
  eprint    = {1801.03160},
  timestamp = {Mon, 13 Aug 2018 16:49:11 +0200},
  biburl    = {https://dblp.org/rec/journals/corr/abs-1801-03160.bib},
  bibsource = {dblp computer science bibliography, https://dblp.org}
}

 @book{isabelle,
      title     = "Isabelle/HOL: A Proof Assistant for Higher Order Logic",
      author    = "Nipkow, Tobias and Paulson, Lawrence C. and Wenzel, Markus",
      year      = 2002,
      publisher = "Springer-Verlag Berlin Heidelberg",
      address   = "Berlin"
    } 

@inproceedings{smt,
author = {Blanchette, Jasmin Christian and B\"{o}hme, Sascha and Paulson, Lawrence C.},
title = {Extending Sledgehammer with SMT Solvers},
year = {2011},
isbn = {9783642224379},
publisher = {Springer-Verlag},
address = {Berlin, Heidelberg},
abstract = {Sledgehammer is a component of Isabelle/HOL that employs firstorder automatic theorem provers (ATPs) to discharge goals arising in interactive proofs. It heuristically selects relevant facts and, if an ATP is successful, produces a snippet that replays the proof in Isabelle. We extended Sledgehammer to invoke satisfiability modulo theories (SMT) solvers as well, exploiting its relevance filter and parallel architecture. Isabelle users are now pleasantly surprised by SMT proofs for problems beyond the ATPs' reach. Remarkably, the best SMT solver performs better than the best ATP on most of our benchmarks},
booktitle = {Proceedings of the 23rd International Conference on Automated Deduction},
pages = {116–130},
numpages = {15},
location = {Wroc\l{}aw, Poland},
series = {CADE'11}
}

@article{sledgehammer,
author = {Paulson, Lawrence and Blanchette, Jasmin},
year = {2015},
month = {02},
pages = {},
title = {Three Years of Experience with Sledgehammer, a Practical Link between Automatic and Interactive Theorem Provers},
journal = {Proceedings of the 8th International Workshop on the Implementation of Logics},
doi = {10.29007/tnfd}
}

@article{logikey,
  author    = {Christoph Benzm{\"{u}}ller and
               Xavier Parent and
               Leendert W. N. van der Torre},
  title     = {Designing Normative Theories of Ethical Reasoning: Formal Framework,
               Methodology, and Tool Support},
  journal   = {CoRR},
  volume    = {abs/1903.10187},
  year      = {2019},
  url       = {http://arxiv.org/abs/1903.10187},
  archivePrefix = {arXiv},
  eprint    = {1903.10187},
  timestamp = {Mon, 01 Apr 2019 14:07:37 +0200},
  biburl    = {https://dblp.org/rec/journals/corr/abs-1903-10187.bib},
  bibsource = {dblp computer science bibliography, https://dblp.org}
}

@book{cresswell,
	publisher = {Routledge},
	author = {M. J. Cresswell and G. E. Hughes},
	title = {A New Introduction to Modal Logic},
	year = {1996}
}

@InCollection{sep-logic-deontic,
	author       =	{McNamara, Paul and Van De Putte, Frederik},
	title        =	{{Deontic Logic}},
	booktitle    =	{The {Stanford} Encyclopedia of Philosophy},
	editor       =	{Edward N. Zalta},
	howpublished =	{\url{https://plato.stanford.edu/archives/spr2021/entries/logic-deontic/}},
	year         =	{2021},
	edition      =	{Spring 2021},
	publisher    =	{Metaphysics Research Lab, Stanford University}
}

@article{ctd,
author = {Rönnedal, Daniel},
year = {2019},
month = {09},
pages = {},
title = {Contrary-to-Duty Paradoxes and Counterfactual Deontic Logic},
volume = {47},
journal = {Philosophia},
doi = {10.1007/s11406-018-0036-0}
}
@article{chisholm,
issn = {0003-2638},
journal = {Analysis (Oxford)},
pages = {33--36},
volume = {24},
publisher = {Basil Blackwell},
number = {2},
year = {1963},
title = {Contrary-to-Duty Imperatives and Deontic Logic},
language = {eng},
address = {Oxford},
author = {Roderick M. Chisholm},
keywords = {Imperative logic ; Locution ; Obligation ; Deontic logic},
}



@incollection{neighborhood1,
	author = {D. Scott},
	publisher = {D. Reidel},
	pages = {143--173},
	title = {Advice on Modal Logic},
	year = {1970},
	editor = {K. Lambert},
	booktitle = {Philosophical Problems in Logic: Some Recent Developments}
}

@article{neighborhood2,
author = {Montague, Richard},
title = {Universal grammar},
journal = {Theoria},
volume = {36},
number = {3},
pages = {373-398},
doi = {https://doi.org/10.1111/j.1755-2567.1970.tb00434.x},
url = {https://onlinelibrary.wiley.com/doi/abs/10.1111/j.1755-2567.1970.tb00434.x},
eprint = {https://onlinelibrary.wiley.com/doi/pdf/10.1111/j.1755-2567.1970.tb00434.x},
year = {1970}
}

@book{idealtheory,
	publisher = {Cambridge University Press},
	author = {Onora O'Neill},
	title = {Bounds of Justice},
	year = {2009},
	month={December},
}

@article{KorsgaardRTL,
    author =       "Christine Korsgaard",
    title =        "{The Right to Lie: Kant on Dealing with Evil}",
    journal =      "Philosophy and Public Affairs",
    volume =       "15",
    pages =        "325-249",
    year =         "1986"
}

@InCollection{seplogicbelief,
	author       =	{Baltag, Alexandru and Renne, Bryan},
	title        =	{{Dynamic Epistemic Logic}},
	booktitle    =	{The Stanford Encyclopedia of Philosophy},
	editor       =	{Edward N. Zalta},
	howpublished =	{\url{https://plato.stanford.edu/archives/win2016/entries/dynamic-epistemic/}},
	year         =	{2016},
	edition      =	{{W}inter 2016},
	publisher    =	{Metaphysics Research Lab, Stanford University}
}


@article{simul,
author = {Pauline Kleingeld},
doi = {doi:10.1515/kant-2017-0006},
url = {https://doi.org/10.1515/kant-2017-0006},
title = {Contradiction and Kant’s Formula of Universal Law},
journal = {Kant-Studien},
number = {1},
volume = {108},
year = {2017},
pages = {89--115}
}

@article{contradictoryob,
author = {Jens Timmermann},
doi = {doi:10.1515/agph-2013-0002},
url = {https://doi.org/10.1515/agph-2013-0002},
title = {Kantian Dilemmas? Moral Conflict in Kant’s Ethical Theory},
journal = {Archiv fur Geschichte der Philosophie},
number = {1},
volume = {95},
year = {2013},
pages = {36--64}
}

@article{solt,
 ISSN = {00245836, 22955836},
 URL = {http://www.jstor.org/stable/44084096},
 author = {Kornél Solt},
 journal = {Logique et Analyse},
 number = {107},
 pages = {349--351},
 publisher = {Peeters Publishers},
 title = {Deontic Alternative Worlds and The Truth-Value of 'OA'},
 volume = {27},
 year = {1984}
}

@article{io,
          volume = {49},
           month = {November},
           title = {Formalizing Kant's Rules: A Logic of Conditional Imperatives and Permissives},
          author = {Andrew Stephenson and Marek Sergot and Richard Evans},
            year = {2019},
         journal = {Journal of Philosophical Logic},
        keywords = {Kant, Logic, normativity, modality, Philosophy of Mind},
             url = {https://eprints.soton.ac.uk/432344/},
}
	
@article{gewirth,
  author  = {David Fuenmayor and Christoph Benzm\"{u}ller},
  title   = {Formalisation and Evaluation of Alan Gewirth's Proof for the Principle of Generic Consistency in Isabelle/HOL},
  journal = {Archive of Formal Proofs},
  month   = oct,
  year    = 2018,
  note    = {\url{https://isa-afp.org/entries/GewirthPGCProof.html},
            Formal proof development},
  ISSN    = {2150-914x},
}

@book{moorepe,
	year = {1903},
	author = {G. E. Moore},
	title = {Principia Ethica},
	publisher = {Dover Publications}
}


@book{snow,
	publisher = {Oxford University Press},
	author = {Nancy E. Snow},
	year = {2017},
	title = {The Oxford Handbook of Virtue}
}

@inproceedings{util1,
  title={Reinforcement Learning as a Framework for Ethical Decision Making},
  author={David Abel and J. MacGlashan and M. Littman},
  booktitle={AAAI Workshop: AI, Ethics, and Society},
  year={2016}
}

@article{robeyns,
author = { Ingrid  Robeyns },
title = {The Capability Approach: A Theoretical Survey},
journal = {Journal of Human Development},
volume = {6},
number = {1},
pages = {93-117},
year  = {2005},
publisher = {Routledge},
doi = {10.1080/146498805200034266},
URL = {https://doi.org/10.1080/146498805200034266},
eprint = {https://doi.org/10.1080/146498805200034266}
}
                  
@misc{util2,
author = {Anderson, Michael and Anderson, Susan and Armen, Chris},
year = {2004},
month = {07},
title = {Towards Machine Ethics}
}

@article{dde,
  author    = {Naveen Sundar Govindarajulu and
               Selmer Bringsjord},
  title     = {On Automating the Doctrine of Double Effect},
  journal   = {CoRR},
  volume    = {abs/1703.08922},
  year      = {2017},
  url       = {http://arxiv.org/abs/1703.08922},
  archivePrefix = {arXiv},
  eprint    = {1703.08922},
  timestamp = {Mon, 13 Aug 2018 16:48:58 +0200},
  biburl    = {https://dblp.org/rec/journals/corr/GovindarajuluB17a.bib},
  bibsource = {dblp computer science bibliography, https://dblp.org}
}

@article{mcrae,
	author = {Emily McRae},
	pages = {447--462},
	journal = {Sophia},
	publisher = {Springer},
	doi = {10.1007/s11841-013-0376-y},
	year = {2013},
	volume = {52},
	number = {3},
	title = {Equanimity and Intimacy: A Buddhist-Feminist Approach to the Elimination of Bias}
}

@article{aristotle,
	journal = {Journal of Hellenic Studies},
	title = {The Nicomachean Ethics},
	publisher = {Oup Oxford},
	author = {Aristotle},
	year = {1951},
	volume = {77},
	doi = {10.2307/628662},
	pages = {172}
}

@misc{puiutta,
      title={Explainable Reinforcement Learning: A Survey}, 
      author={Erika Puiutta and Eric MSP Veith},
      year={2020},
      eprint={2005.06247},
      archivePrefix={arXiv},
      primaryClass={cs.LG}
}

@article{cloos,
author = {Cloos, Christopher},
year = {2005},
month = {01},
pages = {},
title = {The Utilibot Project: An Autonomous Mobile Robot Based on Utilitarianism},
journal = {AAAI Fall Symposium - Technical Report}
}

@article{foot,
year = {1967},
volume = {5},
pages = {5--15},
title = {The Problem of Abortion and the Doctrine of the Double Effect},
journal = {Oxford Review},
author = {Philippa Foot}
}

@misc{verge,
author={Vincent, James},
title={The AI Oracle of Delphi Uses the Problems of Reddit to Offer Dubious Moral Advice},
publisher={The Verge},
year={2021}
}

@book{eubanks,
title="Automating Inequality: How High-Tech Tools Profile, Police, and Punish the Poor",
author="Eubanks, Virginia",
year="2018",
publisher="St. Martin's Press" 
}

@misc{sweeney,
      title={Discrimination in Online Ad Delivery}, 
      author={Latanya Sweeney},
      year={2013},
      eprint={1301.6822},
      archivePrefix={arXiv},
      primaryClass={cs.IR}
}

@article{csp,
title = {Formal Verification of Ethical Choices in Autonomous Systems},
journal = {Robotics and Autonomous Systems},
volume = {77},
pages = {1-14},
year = {2016},
issn = {0921-8890},
doi = {https://doi.org/10.1016/j.robot.2015.11.012},
url = {https://www.sciencedirect.com/science/article/pii/S0921889015003000},
author = {Louise Dennis and Michael Fisher and Marija Slavkovik and Matt Webster},
keywords = {Autonomous systems, Ethics, BDI programs, Formal verification}
}

@InCollection{kantnoumena,
	author       =	{Stang, Nicholas F.},
	title        =	{{Kant’s Transcendental Idealism}},
	booktitle    =	{The {Stanford} Encyclopedia of Philosophy},
	editor       =	{Edward N. Zalta},
	howpublished =	{\url{https://plato.stanford.edu/archives/spr2021/entries/kant-transcendental-idealism/}},
	year         =	{2021},
	edition      =	{{S}pring 2021},
	publisher    =	{Metaphysics Research Lab, Stanford University}
}

@book{hume,
	title = {An Enquiry Concerning Human Understanding and Other Writings},
	publisher = {Cambridge University Press},
	author = {David Hume},
	year = {2007}
}

@inproceedings{particularism1,
author = {Ashley, Kevin D. and McLaren, Bruce M.},
title = {A CBR Knowledge Representation for Practical Ethics},
year = {1994},
isbn = {3540603646},
publisher = {Springer-Verlag},
address = {Berlin, Heidelberg},
booktitle = {Selected Papers from the Second European Workshop on Advances in Case-Based Reasoning},
pages = {181–197},
numpages = {17},
series = {EWCBR '94}
}

@ARTICLE{particularism2,  author={Guarini, M.},  
journal={IEEE Intelligent Systems},   
title={Particularism and the Classification and Reclassification of Moral Cases},   year={2006},  
volume={21},  number={4},  pages={22-28},  doi={10.1109/MIS.2006.76}}

@inproceedings{deon1,
  title={ETHEL: Toward a Principled Ethical Eldercare System},
  author={Michael Anderson and Susan Leigh Anderson},
  booktitle={AAAI Fall Symposium: AI in Eldercare: New Solutions to Old Problems},
  year={2008}
}

@article{deon2,
author = {Anderson, Michael and Anderson, Susan},
year = {2014},
month = {07},
pages = {},
title = {GenEth: A General Ethical Dilemma Analyzer},
journal = {Proceedings of the National Conference on Artificial Intelligence},
volume = {1}
}

@article{godel,
  author    = {Christoph Benzm{\"{u}}ller and
               Bruno Woltzenlogel Paleo},
  title     = {Formalization, Mechanization and Automation of G{\"{o}}del's
               Proof of God's Existence},
  journal   = {CoRR},
  volume    = {abs/1308.4526},
  year      = {2013},
  url       = {http://arxiv.org/abs/1308.4526},
  archivePrefix = {arXiv},
  eprint    = {1308.4526},
  timestamp = {Mon, 13 Aug 2018 16:47:00 +0200},
  biburl    = {https://dblp.org/rec/journals/corr/BenzmullerP13.bib},
  bibsource = {dblp computer science bibliography, https://dblp.org}
}

@article{metaphysics1,
  author    = {Daniel Kirchner and
               Christoph Benzm{\"{u}}ller and
               Edward N. Zalta},
  title     = {Computer Science and Metaphysics: {A} Cross-Fertilization},
  journal   = {CoRR},
  volume    = {abs/1905.00787},
  year      = {2019},
  url       = {http://arxiv.org/abs/1905.00787},
  archivePrefix = {arXiv},
  eprint    = {1905.00787},
  timestamp = {Mon, 27 May 2019 13:15:00 +0200},
  biburl    = {https://dblp.org/rec/journals/corr/abs-1905-00787.bib},
  bibsource = {dblp computer science bibliography, https://dblp.org}
}

@INBOOK{lin,  author={Lin, Patrick and Abney, Keith and Bekey, George A.},  
booktitle={Robot Ethics: The Ethical and Social Implications of Robotics},
publisher={MIT Press},   
title={Robotics, Ethical Theory, and Metaethics: A Guide for the Perplexed},   
year={2012},  volume={},  number={},  pages={35-52},  doi={}}

@inproceedings{virtue1,
author = {Govindarajulu, Naveen Sundar and Bringsjord, Selmer and Ghosh, Rikhiya and Sarathy, Vasanth},
title = {Toward the Engineering of Virtuous Machines},
year = {2019},
isbn = {9781450363242},
publisher = {Association for Computing Machinery},
address = {New York, NY, USA},
url = {https://doi.org/10.1145/3306618.3314256},
doi = {10.1145/3306618.3314256},
booktitle = {Proceedings of the 2019 AAAI/ACM Conference on AI, Ethics, and Society},
pages = {29–35},
numpages = {7},
keywords = {virtuous robots, logic, virtue ethics, deontic cognitive event calculus, verification},
location = {Honolulu, HI, USA},
series = {AIES '19}
}

@article{virtue2,
  author    = {Nicolas Berberich and
               Klaus Diepold},
  title     = {The Virtuous Machine: Old Ethics for New Technology?},
  journal   = {CoRR},
  volume    = {abs/1806.10322},
  year      = {2018},
  url       = {http://arxiv.org/abs/1806.10322},
  eprinttype = {arXiv},
  eprint    = {1806.10322},
  timestamp = {Mon, 13 Aug 2018 16:48:12 +0200},
  biburl    = {https://dblp.org/rec/journals/corr/abs-1806-10322.bib},
  bibsource = {dblp computer science bibliography, https://dblp.org}
}

@incollection{benardete,
	editor = {John O'Leary{-}Hawthorne and Michaelis Michael},
	author = {Jos\'e A. Benardete},
	title = {AI and The Synthetic A Priori},
	publisher = {Kluwer Academic Publishers},
	pages = {9--22},
	year = {1994},
	booktitle = {Philosophy in Mind}
}

@article{hintikkaapriori,
 ISSN = {0022362X},
 URL = {http://www.jstor.org/stable/2024317},
 author = {Jaakko Hintikka},
 journal = {The Journal of Philosophy},
 number = {20},
 pages = {640--651},
 publisher = {Journal of Philosophy, Inc.},
 title = {Are Mathematical Truths Synthetic a Priori?},
 volume = {65},
 year = {1968}
}

@misc{godelincon,
author = {Benzm\"{u}ller, Christoph and Woltzenlogel Paleo, Bruno},
year = {2016},
month = {07},
pages = {},
title = {The Inconsistency in G\"{o}del's Ontological Argument: A Success Story for AI in Metaphysics}
}

@article{brainsimulation,
title = {Human-scale Brain Simulation via Supercomputer: A Case Study on the Cerebellum},
journal = {Neuroscience},
volume = {462},
pages = {235-246},
year = {2021},
note = {In Memoriam: Masao Ito—A Visionary Neuroscientist with a Passion for the Cerebellum},
issn = {0306-4522},
doi = {https://doi.org/10.1016/j.neuroscience.2021.01.014},
url = {https://www.sciencedirect.com/science/article/pii/S030645222100021X},
author = {Tadashi Yamazaki and Jun Igarashi and Hiroshi Yamaura},
keywords = {Cerebellum, Computer simulation, Spiking network, Supercomputer, Human-scale brain simulation},
}

@article{rawlslectures,
	number = {104},
	year = {2000},
	publisher = {Instituto de Investigaciones Filos\'oficas},
	author = {John Rawls},
	pages = {121--145},
	title = {Lectures on the History of Moral Philosophy},
	volume = {35},
	journal = {Critica}
}

@article{hitl,
title = {Augmenting the Algorithm: Emerging Human-In-the-Loop Work Configurations},
journal = {The Journal of Strategic Information Systems},
volume = {29},
number = {2},
pages = {101614},
year = {2020},
note = {Strategic Perspectives on Digital Work and Organizational Transformation},
issn = {0963-8687},
doi = {https://doi.org/10.1016/j.jsis.2020.101614},
url = {https://www.sciencedirect.com/science/article/pii/S0963868720300226},
author = {Tor Grønsund and Margunn Aanestad},
keywords = {Digital work, Automation, Augmentation, Human–machine configurations, Human-in-the-loop, Artificial intelligence (AI)},
}

@article{oneilluniversallaws,
 ISSN = {00269662},
 URL = {http://www.jstor.org/stable/27903145},
 author = {Onora O'Neill},
 journal = {The Monist},
 number = {3},
 pages = {341--361},
 publisher = {Oxford University Press},
 title = {Universal Laws and Ends-In-Themselves},
 volume = {72},
 year = {1989}
}

@article{tafani,
year="2021",
issn="1120-9550",
journal="Sistemi intelligenti, Rivista quadrimestrale di scienze cognitive e di intelligenza artificiale",
doi="10.1422/101195",
title="Imperativo Categorico Come Algoritmo. Kant e L'etica Delle Macchine",
url="https://www.rivisteweb.it/doi/10.1422/101195",
publisher="Società editrice il Mulino",
keywords="ethics of artificial intelligence, AI ethics, machine ethics, artificial morality, Kant and machine ethics, Kant and AI ethics, Kant's universalizabi- lity test.",
author="Daniela Tafani",
pages="377--392",
language="it"
}


@book{sources, place={Cambridge}, title={The Sources of Normativity}, DOI={10.1017/CBO9780511554476}, 
publisher={Cambridge University Press}, author={Korsgaard, Christine M. and O'Neill, Onora}, year={1996}}

@book{bok,
	year = {1998},
	title = {Freedom and Responsibility},
	author = {Hilary Bok},
	publisher = {Princeton University Press}
}

@ARTICLE{licklider,  author={Licklider, J. C. R.},  journal={IRE Transactions on Human Factors in Electronics},   
title={Man-Computer Symbiosis},   year={1960},  volume={HFE-1},  number={1},  pages={4-11},  
doi={10.1109/THFE2.1960.4503259}}

@article{rawlsconstructivism,
 ISSN = {0022362X},
 URL = {http://www.jstor.org/stable/2025790},
 author = {John Rawls},
 journal = {The Journal of Philosophy},
 number = {9},
 pages = {515--572},
 publisher = {Journal of Philosophy, Inc.},
 title = {Kantian Constructivism in Moral Theory},
 volume = {77},
 year = {1980}
}

@book{wood_2007, place={Cambridge}, title={Kantian Ethics}, DOI={10.1017/CBO9780511809651}, 
publisher={Cambridge University Press}, author={Wood, Allen W.}, year={2007}}

@article{cureton_2013, title={A Contractualist Reading of Kant's Proof of the Formula of Humanity}, 
volume={18}, DOI={10.1017/S1369415413000150}, number={3}, journal={Kantian Review}, 
publisher={Cambridge University Press}, author={Cureton, Adam}, year={2013}, pages={363–386}}

@book{oneill_2013, place={Cambridge}, edition={2}, title={Acting on Principle: An Essay on Kantian Ethics}, 
DOI={10.1017/CBO9781139565097}, publisher={Cambridge University Press}, author={O'Neill, Onora}, year={2013}}

@book{constofreason, place={Cambridge}, title={Constructions of Reason: Explorations of Kant's Practical Philosophy}, 
DOI={10.1017/CBO9781139173773}, publisher={Cambridge University Press}, author={O'Neill, Onora}, year={1990}}

@book{engstrom,
 ISBN = {9780674032873},
 URL = {http://www.jstor.org/stable/j.ctt13x0kj2},
 author = {Stephen Engstrom},
 publisher = {Harvard University Press},
 title = {The Form of Practical Knowledge},
 year = {2009}
}

@incollection{sensen,
	pages = {197--222},
	booktitle = {Realism and Antirealism in Kant's Moral Philosophy: New Essays},
	publisher = {De Gruyter},
	author = {Oliver Sensen},
	year = {2017},
	editor = {Elke Elisabeth Schmidt and Robinson dos Santos},
	title = {Kant's Constitutivism}
}

@book{allison,
	year = {2011},
	title = {Kant's Groundwork for the Metaphysics of Morals: A Commentary},
	publisher = {Oxford University Press},
	author = {E. Allison Henry}
}

@book{hill_2019,
author = {Thomas E. Hill},
doi = {doi:10.7591/9781501735035},
url = {https://doi.org/10.7591/9781501735035},
title = {Dignity and Practical Reason in Kant's Moral Theory},
year = {2019},
publisher = {Cornell University Press},
ISBN = {\url{10.7591_9781501735035}}
}

@article{kemp,
 ISSN = {00318094, 14679213},
 URL = {http://www.jstor.org/stable/2216857},
 author = {J. Kemp},
 journal = {The Philosophical Quarterly (1950-)},
 number = {30},
 pages = {63--71},
 publisher = {[Oxford University Press, University of St. Andrews, Scots Philosophical Association]},
 title = {Kant's Examples of the Categorical Imperative},
 volume = {8},
 year = {1958}
}

@article{negative_duties,
 ISSN = {13862820, 15728447},
 URL = {http://www.jstor.org/stable/24478642},
 author = {Michael Yudanin},
 journal = {Ethical Theory and Moral Practice},
 number = {3},
 pages = {595--614},
 publisher = {Springer},
 title = {Can Positive Duties be Derived from Kant's Categorical Imperative?},
 volume = {18},
 year = {2015}
}

@article{actingforareason,
	year = {2005},
	author = {Christine M. Korsgaard},
	journal = {Danish Yearbook of Philosophy},
	publisher = {Museum Tusculanum Press},
	pages = {11--35},
	title = {Acting for a Reason},
	number = {1},
	doi = {\url{10.1163/24689300_0400103}},
	volume = {40}
}

@article{whatisamaxim,
	publisher = {University of Arkansas Press},
	author = {Patricia Kitcher},
	pages = {215--243},
	doi = {10.5840/philtopics2003311/29},
	year = {2003},
	volume = {31},
	title = {What Is a Maxim?},
	number = {1/2},
	journal = {Philosophical Topics}
}

@InCollection{sepcausation,
	author       =	{Menzies, Peter and Beebee, Helen},
	title        =	{{Counterfactual Theories of Causation}},
	booktitle    =	{The {Stanford} Encyclopedia of Philosophy},
	editor       =	{Edward N. Zalta},
	howpublished =	{\url{https://plato.stanford.edu/archives/win2020/entries/causation-counterfactual/}},
	year         =	{2020},
	edition      =	{{W}inter 2020},
	publisher    =	{Metaphysics Research Lab, Stanford University}
}

@book{lewiscounterfactuals,
	year = {1973},
	publisher = {Blackwell},
	author = {David Lewis},
	title = {Counterfactuals}
}

@article{lewiscausality,
	year = {1973},
	author = {David Lewis},
	volume = {70},
	publisher = {Oxford Up},
	journal = {Journal of Philosophy},
	doi = {10.2307/2025310},
	number = {17},
	pages = {556--567},
	title = {Causation}
}

@book{actingonprinciple,
	publisher = {Cambridge University Press},
	year = {2013},
	title = {Acting on Principle: An Essay on Kantian Ethics},
	author = {Onora O'Neill}
}

@book{kantsethicalthought,
	title = {Kant's Ethical Thought},
	year = {1999},
	author = {Allen W. Wood},
	publisher = {Cambridge University Press}
}

@inbook{ebelsduggan,
title = "Kantian Ethics",
author = "Kyla Ebels-Duggan",
year = "2012",
publisher = "Continuum",
chapter="Kantian Ethics"
}

@InCollection{sepkant,
	author       =	{Johnson, Robert and Cureton, Adam},
	title        =	{{Kant’s Moral Philosophy}},
	booktitle    =	{The {Stanford} Encyclopedia of Philosophy},
	editor       =	{Edward N. Zalta},
	howpublished =	{\url{https://plato.stanford.edu/archives/spr2021/entries/kant-moral/}},
	year         =	{2021},
	edition      =	{{S}pring 2021},
	publisher    =	{Metaphysics Research Lab, Stanford University}
}

@article{dietrichson,
author = {Paul Dietrichson},
doi = {doi:10.1515/kant.1964.55.1-4.143},
url = {https://doi.org/10.1515/kant.1964.55.1-4.143},
title = {When Is A Maxim Fully Universalizable?},
journal = {Kant Studien},
number = {1-4},
volume = {55},
year = {1964},
pages = {143--170}
}

@article{acton,
 URL = {http://www.jstor.org/stable/3750106},
 title={Review},
 author = {A. C. Ewing},
 journal = {Philosophy},
 number = {180},
 pages = {173--175},
 publisher = {[Royal Institute of Philosophy, Cambridge University Press]},
 reviewed-author = {H. B. Acton and Jeffrie G. Murphy},
 volume = {47},
 year = {1972}
}

@inbook{korsgaardintro,
author="Christine Korsgaard",
title="Groundwork of the Metaphysics of Morals",
chapter="Introduction",
      year      = 2012,
      publisher = "Cambridge University Press",
      address   = "Cambridge"
}

@article{blast,
  title={A Generic Tableau Prover and its Integration with Isabelle},
  author={Lawrence Charles Paulson},
  journal={J. Univers. Comput. Sci.},
  year={1999},
  volume={5},
  pages={73-87}
}

@inproceedings{historyofITP,
  title={History of Interactive Theorem Proving},
  author={John Harrison and Josef Urban and Freek Wiedijk},
  booktitle={Computational Logic},
  year={2014}
}

@misc{buzzardvideo, 
title={How Do You Convince Mathematicians a Theorem Prover is Worth Their Time?},
author="Kevin Buzzard",
howpublished="Talk at IOHK",
month="January",
year="2021"
}

@article{kohl,
 ISSN = {00318094, 14679213},
 URL = {http://www.jstor.org/stable/24672780},
 author = {Markus Kohl},
 journal = {The Philosophical Quarterly (1950-)},
 number = {261},
 pages = {690--710},
 publisher = {[Oxford University Press, University of St. Andrews, Scots Philosophical Association]},
 title = {Kant and 'Ought Implies Can'},
 volume = {65},
 year = {2015}
}

@article{timmerman,
author = {Jens Timmermann},
doi = {doi:10.1515/agph-2013-0002},
url = {https://doi.org/10.1515/agph-2013-0002},
title = {Kantian Dilemmas? Moral Conflict in Kant’s Ethical Theory},
journal = {Archiv f\"{u}r Geschichte der Philosophie},
number = {1},
volume = {95},
year = {2013},
pages = {36--64}
}

@article{christensen,
	author = {David Christensen},
	publisher = {Wiley-Blackwell},
	pages = {319--337},
	journal = {Proceedings of the Aristotelian Society},
	volume = {107},
	number = {1pt3},
	title = {Epistemic Self-Respect},
	year = {2007},
	doi = {10.1111/j.1467-9264.2007.00224.x}
}

@article{roushselfhelp,
	year = {2009},
	pages = {251--268},
	doi = {10.3366/E1742360009000690},
	number = {3},
	author = {Sherrilyn Roush},
	volume = {6},
	journal = {Episteme},
	title = {Second Guessing: A Self-Help Manual},
	publisher = {Edinburgh University Press}
}

@article{silber,
 ISSN = {00346632},
 URL = {http://www.jstor.org/stable/20126622},
 author = {John R. Silber},
 journal = {The Review of Metaphysics},
 number = {2},
 pages = {197--236},
 publisher = {Philosophy Education Society Inc.},
 title = {Procedural Formalism in Kant's Ethics},
 volume = {28},
 year = {1974}
}

@InCollection{utilsep,
	author       =	{Driver, Julia},
	title        =	{{The History of Utilitarianism}},
	booktitle    =	{The {Stanford} Encyclopedia of Philosophy},
	editor       =	{Edward N. Zalta},
	howpublished =	{\url{https://plato.stanford.edu/archives/win2014/entries/utilitarianism-history/}},
	year         =	{2014},
	edition      =	{{W}inter 2014},
	publisher    =	{Metaphysics Research Lab, Stanford University}
}

@InCollection{consequentialismsep,
	author       =	{Sinnott-Armstrong, Walter},
	title        =	{{Consequentialism}},
	booktitle    =	{The {Stanford} Encyclopedia of Philosophy},
	editor       =	{Edward N. Zalta},
	howpublished =	{\url{https://plato.stanford.edu/archives/fall2021/entries/consequentialism/}},
	year         =	{2021},
	edition      =	{{F}all 2021},
	publisher    =	{Metaphysics Research Lab, Stanford University}
}

@InCollection{vesep,
	author       =	{Hursthouse, Rosalind and Pettigrove, Glen},
	title        =	{{Virtue Ethics}},
	booktitle    =	{The {Stanford} Encyclopedia of Philosophy},
	editor       =	{Edward N. Zalta},
	howpublished =	{\url{https://plato.stanford.edu/archives/win2018/entries/ethics-virtue/}},
	year         =	{2018},
	edition      =	{{W}inter 2018},
	publisher    =	{Metaphysics Research Lab, Stanford University}
}

@misc{delphi,
      title={Delphi: Towards Machine Ethics and Norms}, 
      author={Liwei Jiang and Jena D. Hwang and Chandra Bhagavatula and Ronan Le Bras and Maxwell Forbes and Jon Borchardt and Jenny Liang and Oren Etzioni and Maarten Sap and Yejin Choi},
      year={2021},
      eprint={2110.07574},
      archivePrefix={arXiv},
      primaryClass={cs.CL}
}

@InCollection{sepdeont,
	author       =	{Alexander, Larry and Moore, Michael},
	title        =	{{Deontological Ethics}},
	booktitle    =	{The {Stanford} Encyclopedia of Philosophy},
	editor       =	{Edward N. Zalta},
	howpublished =	{\url{https://plato.stanford.edu/archives/win2021/entries/ethics-deontological/}},
	year         =	{2021},
	edition      =	{{W}inter 2021},
	publisher    =	{Metaphysics Research Lab, Stanford University}
}


@inbook{metaphysicsintro, place={Cambridge}, edition={2}, 
series={Cambridge Texts in the History of Philosophy}, 
title={Introduction}, DOI={10.1017/9781316091388.002}, booktitle={Kant: The Metaphysics of Morals}, 
publisher={Cambridge University Press}, author={Kant, Immanuel}, 
translator={Mary Gregor}, 
year={2017}, pages={ix-xxix}, collection={Cambridge Texts in the History of Philosophy}}


@inbook{velleman, place={Cambridge}, title={A Brief Introduction to Kantian Ethics}, 
DOI={10.1017/CBO9780511498862.002}, booktitle={Self to Self: Selected Essays}, 
publisher={Cambridge University Press}, author={Velleman, J. David}, year={2005}, pages={16–44}}

@book{moralmachine,
	title = {Moral Machines: Teaching Robots Right From Wrong},
	author = {Wendell Wallach and Colin Allen},
	publisher = {Oxford University Press},
	year = {2008}
}

@article{davenport,
	author = {David Davenport},
	journal = {Philosophy and Technology},
	doi = {10.1007/s13347-013-0147-2},
	publisher = {Springer Verlag},
	title = {Moral Mechanisms},
	number = {1},
	volume = {27},
	pages = {47--60},
	year = {2014}
}

@article{gabriel,
   title={Artificial Intelligence, Values, and Alignment},
   volume={30},
   ISSN={1572-8641},
   url={http://dx.doi.org/10.1007/s11023-020-09539-2},
   DOI={10.1007/s11023-020-09539-2},
   number={3},
   journal={Minds and Machines},
   publisher={Springer Science and Business Media LLC},
   author={Gabriel, Iason},
   year={2020},
   month={Sep},
   pages={411–437}
}

@article{sparrow,
author = {Sparrow, Robert},
title = {Killer Robots},
journal = {Journal of Applied Philosophy},
volume = {24},
number = {1},
pages = {62-77},
doi = {https://doi.org/10.1111/j.1468-5930.2007.00346.x},
url = {https://onlinelibrary.wiley.com/doi/abs/10.1111/j.1468-5930.2007.00346.x},
eprint = {https://onlinelibrary.wiley.com/doi/pdf/10.1111/j.1468-5930.2007.00346.x},
year = {2007}
}

@article {moralmachineonline,
	author = {Awad, Edmond and Dsouza, Sohan and Shariff, Azim and Rahwan, Iyad and Bonnefon, Jean-Fran{\c c}ois},
	title = {Universals and Variations in Moral Decisions Made in 42 Countries by 70,000 Participants},
	volume = {117},
	number = {5},
	pages = {2332--2337},
	year = {2020},
	doi = {10.1073/pnas.1911517117},
	publisher = {National Academy of Sciences},
	issn = {0027-8424},
	URL = {https://www.pnas.org/content/117/5/2332},
	eprint = {https://www.pnas.org/content/117/5/2332.full.pdf},
	journal = {Proceedings of the National Academy of Sciences}
}

@INPROCEEDINGS{biology,  author={Cervantes, José-Antonio and Rodríguez, Luis-Felipe and López, Sonia and Ramos, Félix},
  booktitle={2013 IEEE 12th International Conference on Cognitive Informatics and Cognitive Computing},   
title={A Biologically Inspired Computational Model of Moral Decision Making for Autonomous Agents},   
year={2013},  volume={},  number={},  pages={111-117},  doi={10.1109/ICCI-CC.2013.6622232}}

@article{winfield,
author = {Winfield, Alan and Blum, Christian and Liu, Wenguo},
year = {2014},
month = {09},
pages = {},
journal={Conference Towards Autonomous Robotic Systems},
title = {Towards an Ethical Robot: Internal Models, Consequences and Ethical Action Selection},
volume = {8717},
isbn = {978-3-319-10400-3},
doi = {\url{10.1007/978-3-319-10401-0_8}}
}

@article{logicprogramming,
author = {Arkoudas, Konstantine and Bringsjord, Selmer and Bello, Paul},
year = {2005},
month = {01},
pages = {},
title = {Toward Ethical Robots via Mechanized Deontic Logic},
journal = {AAAI Fall Symposium - Technical Report}
}

@article{loop,
author = {Lukowicz, Paul},
year = {2019},
month = {10},
pages = {9-10},
title = {The Challenge of Human Centric AI},
volume = {3},
journal = {Digitale Welt},
doi = {10.1007/s42354-019-0200-0}
}

@incollection{leibniz,
series = {The New Synthese Historical Library},
issn = {0082-111X},
pages = {229--234},
publisher = {Springer Netherlands},
booktitle = {Philosophical Papers and Letters},
isbn = {9789027706935},
title = {On Universal Synthesis and Analysis, or the Art of Discovery and Judgment: 1679(?)},
copyright = {Kluwer Academic Publishers 1989},
language = {eng},
address = {Dordrecht},
author = {Leibniz, Gottfried Wilhelm},
year={1679},
keywords = {Causal Judgment ; Distinct Concept ; Eternal Truth ; Intuitive Knowledge ; Philosophical Paper},
}

@misc{constitution,
author = {Zahoransky, Valeria and Benzmüller, Christoph},
year = {2020},
month = {10},
pages = {},
title = {Modelling the US Constitution to Establish Constitutional Dictatorship}
}